<?xml version="1.0" encoding="UTF-8"?><collection xmlns="http://www.loc.gov/MARC21/slim"><record><leader>00435nam--2200133-i-4500</leader><controlfield tag="001">000002371</controlfield><controlfield tag="002">20161230</controlfield><controlfield tag="005">20161230201025</controlfield><controlfield tag="008">060222s1000------------r-----000-0-eng-d</controlfield><datafield ind1=" " ind2=" " tag="080"><subfield code="a">530.1</subfield></datafield><datafield ind1=" " ind2=" " tag="100"><subfield code="a">Feynman, Richard</subfield></datafield><datafield ind1=" " ind2=" " tag="245"><subfield code="a">The character of physical law. a series of lectures recorder by the bbc at cornell university u.s.a. and televised on bbc-2</subfield></datafield><datafield ind1=" " ind2=" " tag="260"><subfield code="a">London, The Britisch Broadcasting Corp., 1965. 173 P</subfield></datafield><datafield ind1=" " ind2=" " tag="852"><subfield code="a">27341</subfield></datafield></record></collection>